@misc{munkres1975topology,
  title={Topology: a rst course},
  author={Munkres, James R},
  year={1975},
  publisher={Prentice-Hall, Englewood Cli s, New Jersey}
}
